<?xml version="1.0" encoding="UTF-8"?><collection xmlns="http://www.loc.gov/MARC21/slim"><record><leader>00468nam--2200181-i-4500</leader><controlfield tag="001">000018791</controlfield><controlfield tag="002">20161230</controlfield><controlfield tag="005">20161230201032</controlfield><controlfield tag="008">060222s1000------------r-----000-0-eng-d</controlfield><datafield ind1=" " ind2=" " tag="040"><subfield code="a">IFIN-HH</subfield></datafield><datafield ind1=" " ind2=" " tag="080"><subfield code="a">539.1</subfield></datafield><datafield ind1="1" ind2=" " tag="100"><subfield code="a">Elton, L.R.B</subfield></datafield><datafield ind1="1" ind2="0" tag="245"><subfield code="a">Nuclear sizes</subfield><subfield code="c">L.r.b. elton</subfield></datafield><datafield ind1=" " ind2=" " tag="260"><subfield code="a">London</subfield><subfield code="b">Oxford University Press</subfield><subfield code="c">1961</subfield></datafield><datafield ind1=" " ind2=" " tag="300"><subfield code="a">114 P</subfield></datafield><datafield ind1=" " ind2=" " tag="490"><subfield code="a">Oxford Library Of The Physical Sciences</subfield></datafield><datafield ind1=" " ind2=" " tag="852"><subfield code="a">21688</subfield><subfield code="c">539.14</subfield></datafield><datafield ind1=" " ind2=" " tag="CAT"><subfield code="a">Sys</subfield><subfield code="c">20120323</subfield><subfield code="h">123516</subfield></datafield></record></collection>